4418 5694
822 439 1353 571 ‘annevirre

215 658 216 662 '
236 675 282 743 et
307 658 501 769 quianon
523 657 659 746 videat
672 655 702 740 2-
726 655 929 760 ordinem,
959 681 1080 768 quern
1100 657 1262 743 secutus
1285 653 1344 740 est
1362 675 1618 740 narmnrarvs
1635 658 1675 740 in
1691 657 1974 745 enumerandis-

185 877 187 880 ‘
239 824 352 935 libris
376 849 513 936 seculo
545 852 703 937 decimo
730 854 871 959 quinto
892 852 999 958 typis
1021 852 1181 955 excusis
1199 849 1559 955 chronologicum,
1593 848 1734 933 additis
1757 822 1974 956 praecipue
2040 857 2042 862 ’

193 1076 199 1092 ·
238 1039 283 1125 in
312 1039 490 1127 editione
518 1042 690 1151 repetita
711 1039 1018 1159 supplementis,
1055 1041 1321 1152 dispersisque
1352 1064 1428 1149 per
1450 1057 1581 1125 totam
1602 1038 1690 1126 fere
1720 1040 1860 1125 indicis
1891 1064 1997 1161 ams

34 1240 39 1247 “
148 1344 153 1349 “
226 1224 393 1340 'pliiirmi
417 1231 557 1319 seriem
572 1234 720 1319 iteratis
735 1192 1039 1337 accessionibus,
1068 1233 1187 1343 saepe
1210 1231 1290 1319 effe
1309 1234 1599 1339 interruptum,
1634 1233 1830 1340 usumque
1855 1247 1974 1315 anna*

245 1420 341 1506 lium
356 1422 530 1530 ipsorum
546 1448 666 1532 quam
679 1429 850 1511 maxime
862 1398 1135 1534 impeditum
1154 1426 1370 1511 Praeterea
1385 1426 1486 1511 Viro
1505 1429 1803 1532 optimo„cum
1818 1422 1858 1505 se
1875 1423 1976 1505 ube·

168 1648 171 1656 ¹
245 1611 341 1695 riori
356 1598 499 1698 notitia
515 1619 634 1722 partis
653 1642 737 1702 non
761 1592 926 1728 exiguae
949 1619 1164 1720 librorum,
1189 1642 1297 1725 quos
1321 1617 1580 1715 recensebat,
1609 1612 1840 1701 destitutum
1861 1611 1975 1695 vide·
2048 1703 2059 1714 ,

248 1817 333 1904 ret,
359 1807 548 1892 brevitati
566 1802 805 1895 studendum
823 1828 937 1912 erat,
965 1833 1049 1918 quo
1071 1805 1220 1894 facturn
1240 1807 1321 1909 est,
1347 1827 1397 1928 ut
1410 1831 1487 1893 nec
1506 1810 1649 1891 titulos
1666 1808 1882 1904 librorum,
1911 1824 1997 1886 ea·=
2065 1888 2070 1892 .

248 2015 421 2102 rumque
443 1964 633 2113 clausulas
651 1996 819 2102 finales,
848 2020 895 2084 ut
919 2026 991 2108 par
1009 2017 1114 2101 erat,
1142 2003 1184 2093 in
1206 2000 1381 2085 medium
1402 1999 1609 2108 proferre,
1636 2022 1715 2082 aec
1729 2021 1826 2080 vera
1841 1997 1864 2078 a
1877 1989 1979 2079 fiete

147 2274 160 2301 χ
251 2180 509 2297 distinguere,
532 2214 615 2276 nec
633 2193 789 2301 ubique
800 2189 925 2276 testes
941 2189 1024 2274 fide
1034 2191 1181 2301 dignos
1198 2143 1344 2278 afferre
1362 2187 1510 2300 poffet.
1566 2184 1679 2275 Huic
1695 2184 1979 2323 incommodo,

254 2375 419 2486 aliisque
448 2381 554 2464 vitiis
582 2385 745 2503 operis,
781 2400 988 2468 caeterum
1008 2381 1336 2491 praestantissimi,
1367 2400 1419 2467 ut
1447 2381 1665 2479 medelam,
1700 2402 1777 2489 pro
1803 2348 1982 2475 viribus,

243 2563 537 2671 admoverem,
567 2575 745 2680 ‘primum
756 2575 1041 2675 decreveram,
1066 2579 1271 2676 nonultra
1285 2562 1429 2662 limites
1447 2595 1677 2679 mammam
1698 2526 1883 2679 euagati,
1912 2562 1989 2650 sed·

253 2755 417 2845 disiedta
433 2780 593 2850 >tantum
607 2789 884 2873 componere,
914 2764 1164 2850 emendanda
1181 2768 1420 2869 emendare,
1445 2735 1750 2874 suppiendaque
1774 2714 1981 2869 sunplere,

204 2964 217 3041 ,ζ
255 2947 312 3031 ita
329 2951 515 3057 quidem,
544 2970 592 3035 ut
609 2980 735 3062 opus,
758 2917 1037 3067 :quodexistis
1050 2959 1254 3042 annalibus
1267 2916 1552 3041 exstruendum
1563 2959 1665 3039 mihi
1682 2952 1914 3053 sumseram,
1938 2940 1983 3026 id

253 3137 380 3244 ipsum
389 3137 508 3255 ‚forte
525 3143 652 3229 videri
666 3146 819 3271 poisat,
843 3154 917 3234 ¹cui
938 3148 1216 3256 amplificando
1236 3149 1303 3235 <ct
1320 3171 1499 3259 neuterve
1515 3148 1849 3257 supplementum
1867 3136 1992 3220 suum:

190 3376 195 3387 -
255 3292 599 3468 locupletiffimum
615 3333 897 3439 :destinaveratt
962 3313 1024 3425 At
1041 3365 1143 3425 mox
1159 3339 1399 3425 mutandum
1423 3338 1502 3423 'fuit
1519 3336 1756 3441 constiutit,
1786 3351 1882 3412 cum
1906 3325 2006 3433 viri

256 3518 416 3623 quidam
438 3520 660 3626 dodissimi,
682 3554 862 3637 ‚quorum
882 3533 1103 3639 plurimum
1114 3531 1228 3643 :apud
1250 3556 1317 3617 me
1341 3534 1451 3616 vaiet
1478 3526 1717 3640 audtoritae,
1752 3521 1982 3616 suaderent,

258 3710 382 3795 immo
407 3702 696 3823 defiderarent,
717 3740 768 3804 ut
793 3720 949 3810 reiedt'is
965 3726 1158 3811 omnibus
1184 3723 1295 3831 quasi
1316 3721 1512 3824 uinculis,
1541 3741 1701 3827 novum
1725 3719 1866 3826 plane,
1904 3733 1982 3819 pro

259 3903 412 4041 ingenii
436 3934 490 4021 aa,
513 3916 657 4003 ..virium
679 3944 863 4008 mearum
888 3925 1064 4011 anodulo
1091 3919 1288 4008 struerem
1316 3946 1448 4030 opus,
1486 3924 1529 4027 in
1562 3943 1647 4029 quo
1678 3921 1903 4003 literatores
1935 3935 1984 3996 ea

263 4096 419 4205 Omnia,
446 4108 879 4234 quae.'inua14t·ra1nrr,
909 4140 1083 4218 nemen,
1104 4117 1363 4223 aliorumque
1388 4112 1571 4196 virorum
1587 4106 1902 4195 doetissimorum
1922 4102 1983 4184 lu·
2056 4202 2060 4208 ⁶

264 4285 586 4398 cubration‘ibus,
609 4269 801 4385 nonime
820 4302 1024 4411 impendio
1033 4305 1259 4412 temporis,
1273 4302 1556 4408 conquirenda
1565 4295 1720 4404 edent,
1746 4301 1789 4385 in
1802 4294 1986 4381 ordinem
2063 4342 2068 4349 -

261 4489 579 4577 commodiorem
595 4493 778 4598 amada,
800 4499 1036 4601 emendata,
1060 4501 1264 4605 novisque
1274 4497 1373 4581 hinc
1388 4495 1482 4578 inde
1498 4495 1786 4580 accessionibus
1800 4485 1983 4591 locuple·

259 4692 342 4763 tata
356 4683 604 4786 invenirent,
631 4650 796 4803 hocque
810 4718 943 4802 opere
961 4696 1004 4779 in
1015 4692 1247 4804 posterum,
1260 4634 1463 4802 tanquam
1481 4694 1608 4776 unico
1619 4687 1738 4771 fonte
1749 4677 1997 4766 huiuamodi-

1807 4894 1929 4984 gene·

1327 5076 1360 5157 ξ.
