4440 5722
150 448 154 455 ·
258 461 331 549 27s
468 425 473 431 ’
962 448 1292 535 coroivrrr.

357 680 422 760 23.
447 667 641 736 Frrncrscr
671 683 715 729 nr
732 681 862 731 resera
884 650 975 750 opus
992 655 1036 728 de
1052 650 1347 744 restitutionibus,
1371 646 1479 729 usuris
1497 670 1534 730 et
1549 656 1988 737 excommunicationibus.

262 755 389 839 Fot.·1.
409 785 445 837 a.
462 759 663 839 Praecedit:
689 757 826 833 Tabula
844 758 1097 832 restitutionum
1116 750 1292 829 usurarum
1316 769 1352 827 et
1377 761 1781 831 excommunicationum
1807 760 1901 832 edita
1948 782 1988 832 er

160 924 164 931 .
195 843 199 859 ¹
264 861 497 935 venerabilem
516 862 697 935 dominum
718 855 860 932 fratrem
874 849 1091 932 franciscum
1110 854 1154 927 de
1173 859 1287 951 platea
1303 853 1443 932 tudinis
1458 862 1644 931 minorum.
1662 852 1730 950 foll
1760 862 1813 934 ¹8.
1834 783 1994 954 sotira.

262 959 392 1056 Incipit
426 985 516 1058 opus
551 961 807 1036 restitutionum
831 955 903 1032 &e
935 955 1078 1030 Fruitur
1098 948 1162 1046 fol.
1191 959 1248 1037 84.
1275 978 1308 1024 a.
1335 972 1412 1026 curu
1437 957 1609 1050 clamata:
1650 959 1693 1024 Et
1723 952 1769 1027 sic
1803 954 1850 1027 est
1881 958 1987 1028 Finis.

265 1056 310 1131 Se
356 1056 430 1131 itur
444 1058 508 1155 sol.
531 1066 587 1150 85.
606 1085 641 1135 α.
663 1059 785 1155 absque
806 1050 1034 1153 inscriptione,
1062 1072 1152 1147 opus
1167 1044 1354 1123 usurarum.
1380 1054 1446 1122 lloc
1469 1049 1591 1133 eluitur
1611 1051 1675 1148 fol.
1698 1062 1776 1142 125.
1801 1072 1875 1127 mm
1897 1055 1991 1127 clau·

257 1150 303 1250 stt
318 1175 360 1224 a:
383 1157 474 1231 Finis
491 1158 666 1235 trastatus.
691 1153 876 1233 usurarum.
904 1168 940 1225 et
967 1145 1118 1248 sequitur
1140 1152 1225 1220 alius
1247 1151 1293 1222 de
1316 1150 1747 1224 excommunicationibus.
1772 1151 1817 1224 Iu
1835 1147 1906 1246 fiae
1920 1146 1990 1245 fol.

268 1267 352 1341 173.
371 1248 414 1326 b.-
438 1263 639 1355 Expliciunt
656 1258 733 1332 libri
752 1278 903 1354 operum
923 1248 1170 1325 vtilislimorum
1196 1241 1324 1320 scilieet
1352 1247 1619 1322 Restitutionum
1646 1244 1829 1325 usurarum
1851 1254 1895 1319 Et
1917 1253 1990 1323 Ex·

267 1359 624 1431 communicationum
645 1355 831 1432 reuerendi
852 1352 967 1426 fratris
985 1339 1152 1420 Francisci
1170 1346 1215 1417 de
1233 1353 1350 1445 platea
1374 1347 1507 1421 bonon.
1530 1352 1669 1421 ordinis
1692 1353 1865 1421 minorum
1892 1352 1992 1444 peri·

268 1445 379 1520 rithmi
397 1455 432 1525 in
450 1471 603 1554 vtroque
619 1461 692 1529 iure
708 1478 750 1531 ae
769 1459 804 1525 in
824 1449 918 1527 sacra
935 1447 1128 1544 theologia.
1151 1440 1358 1544 ltrtpreliique
1377 1444 1464 1540 lunt
1492 1449 1617 1521 laurae
1638 1463 1701 1543 per
1721 1468 1772 1519 me
1797 1447 1993 1530 Jouauuem

263 1542 474 1646 'soldoJsub
496 1575 584 1626 auro
603 1572 709 1643 1474.
731 1566 926 1650 sepiuntur
942 1543 1059 1641 nahts
1075 1543 1112 1616 in
1134 1543 1269 1615 laudem
1289 1558 1444 1640 typorum
1451 1540 1584 1641 fusoris
1598 1542 1773 1622 Lemurai
1789 1541 1993 1645 Bafilieusis.

442 1648 554 1752 Quem
575 1652 668 1743 legis.
693 1648 868 1750 impreffus
892 1648 973 1722 duur
992 1639 1099 1734 tiabit
1120 1639 1157 1713 in
1182 1661 1235 1714 ere
1260 1637 1411 1714 caratler

542 1749 638 1825 Dum
663 1770 728 1823 uon
751 1751 851 1841 longa
870 1745 947 1819 alies
969 1741 1022 1815 oti
1039 1736 1125 1835 fera
1143 1732 1229 1834 fata
1247 1749 1400 1831 prement

444 1847 599 1921 Cottdiola
622 1847 804 1940 (coatia)
827 1856 984 1943 perpetu
1009 1857 1075 1910 nou
1100 1832 1208 1907 deerit
1225 1835 1327 1931 sallia
1350 1833 1479 1936 Bafilee
1550 1856 1561 1873 ·

537 1945 741 2019 Phidiacum
764 1945 838 2018 linc
855 1939 998 2050 superat
1025 1934 1249 2006 Leouharaus
1276 1929 1358 2005 thur

448 2039 562 2117 Cedite
585 2041 836 2138 chalcographi,
863 2034 1031 2131 millesima
1055 2029 1165 2137 uetita
1183 2028 1305 2122 figura
1330 2025 1374 2122 ‘ii

538 2137 738 2235 Arthetipas
758 2136 863 2232 fingit
881 2131 974 2229 solus
996 2144 1034 2202 at
1059 2127 1113 2199 ille
1137 2141 1244 2199 ustas.

271 2225 375 2307 (ilat.
394 2233 484 2326 gatii.
496 2236 568 2333 fatte
583 2234 663 2327 atsi.
681 2235 717 2309 fii
727 2249 830 2332 pagg.
851 2248 944 2305 uttttt.
962 2245 1035 2301 sttui
1044 2223 1133 2323 figu.
1155 2248 1242 2321 a-q.
1263 2220 1329 2320 fol.

435 2342 541 2406 Μαίη.
562 2365 593 2428 p.
607 2356 645 2426 34
666 2345 726 2408 ,da
743 2345 772 2406 lo
788 2341 866 2408 Voll.
884 2341 907 2399 l.
932 2357 964 2421 p.
980 2347 1048 2428 ‚²¹⁵-
1075 2331 1236 2412 Lengnidt.
1260 2332 1355 2400 Iletia.
1379 2354 1419 2423 η.Ι
1425 2348 1473 2411 51.
1500 2333 1620 2405 Gestar.
1648 2358 1678 2422 p.
1696 2351 1745 2416 31.
1768 2339 1843 2402 sill.
1859 2338 1896 2407 Ρ.
1914 2338 2001 2419 Nor·

477 2422 572 2489 sidem
590 2365 690 2508 uetitis
705 2426 845 2507 legunto·
864 2422 952 2485 etiam
973 2437 1005 2476 m
1024 2412 1147 2476 editiora
1165 2418 1324 2494 rotasiam.
1347 2434 1418 2476 aaliz
1439 2430 1525 2496 ¹473·
1984 2476 1992 2485 ·

366 2553 425 2626 24.
453 2542 668 2617 Taourrrur
687 2568 729 2610 ns
751 2563 925 2610 senarum
941 2540 1129 2626 Sermones
1147 2533 1300 2625 Quadra
1318 2531 1481 2607 estmales·
1509 2532 1580 2606 fot.
1610 2553 1640 2607 l.
1669 2557 1703 2606 a·
1731 2534 1912 2611 Praecedit
1940 2544 2003 2614 sn.

270 2631 342 2708 dex
364 2641 569 2712 Sermonum
589 2659 662 2713 atm
672 2638 828 2737 sequenti
844 2634 1077 2735 inscriptione:
1105 2638 1270 2729 Egregius
1290 2556 1384 2704 itere
1405 2634 1583 2728 theologie
1607 2629 1735 2729 pselsor
1759 2643 1811 2707 Ac
1837 2637 2002 2714 heretice

269 2741 451 2829 prauitatis
468 2739 648 2839 inquisitor
669 2738 833 2833 Magister
850 2731 1084 2807 Thomasmos
1103 2735 1146 2802 de
1170 2736 1335 2805 ferraria.
1367 2738 1402 2805 in
1429 2734 1499 2804 hoc
1526 2733 1808 2830 quadragesimali
1826 2760 1848 2805 o
1878 2758 1938 2807 ere
1962 2743 2003 2813 in

273 2833 432 2925 quolibet
451 2828 610 2909 sermone
627 2837 711 2909 duas
730 2837 939 2933 principales
958 2845 1079 2902 mouet
1094 2836 1253 2902 materias
1273 2856 1340 2901 vna
1358 2836 1541 2928 euangelio
1561 2835 1659 2901 aliam
1684 2830 1821 2904 lectioni
1844 2760 1899 2905 iio
1920 2842 2003 2934 epi.

254 2925 358 3011 *stole
378 2931 712 3032 correspondentem
736 2957 822 3033 quas
847 2945 884 3004 ut
907 2933 1066 3029 querenti
1083 2933 1190 3003 citius
1205 2950 1401 3002 occureret
1429 2931 1526 3026 quod
1550 2934 1651 3001 uellet
1676 2928 1762 3003 infra
1787 2937 1905 3004 nutaui
1923 2934 2003 3016 hec,

271 3022 346 3102 f⁰l0
366 3047 400 3107 2.
424 3031 588 3128 incipiant
606 3032 785 3129 setutottes.
814 3031 857 3105 lu
874 3029 943 3119 fate
959 3026 1014 3125 sol
1041 3036 1126 3119 235.
1147 3051 1189 3098 a:
1215 3033 1401 3124 Explicuut
1420 3028 1497 3116 istc)
1522 3022 1697 3101 sermones
1717 3030 2005 3128 quadragesima.

271 3127 322 3197 les
339 3152 429 3226 quos
445 3136 649 3227 compilauit
668 3129 826 3229 magister
844 3125 1074 3201 Thomasmus
1091 3126 1134 3196 de
1153 3131 1306 3198 Ferraria
1323 3123 1416 3199 sacre
1435 3130 1615 3223 theologie
1633 3128 1758 3199 doilor
1778 3150 1819 3200 ae
1841 3132 2006 3210 heretice

272 3231 452 3320 prauitatis
470 3231 651 3329 inquihtor
668 3231 800 3303 ordinis
822 3223 965 3299 sritrum
992 3230 1253 3325 predicatorum
1279 3229 1332 3298 Ad
1356 3228 1491 3298 laudem
1509 3244 1553 3298 et
1575 3229 1722 3322 gloriam
1751 3227 1808 3298 dei
1830 3236 2006 3331 omnipo.

273 3331 378 3398 tentis
399 3343 434 3399 et
452 3333 562 3401 totius
580 3333 677 3401 curie
697 3328 951 3424 triumphantis.
980 3319 1191 3419 lrirprtljapue
1205 3320 1291 3415 litut
1316 3326 1363 3414 io'j
1377 3324 1701 3418 petitiones-tolosae
1717 3341 1781 3495 per
1799 3326 2008 3418 utangimm

273 3420 466 3504 Jolannon
492 3425 642 3521 Koelltos
661 3429 702 3501 de
730 3427 857 3500 tutia
881 3417 1268 3501 ulacoeaaallltl.
1292 3420 1391 3510 Laus
1414 3420 1502 3498 Dea.
1532 3420 1637 3497 clar.
1659 3436 1716 3513 got
1741 3476 1750 3493 .
1765 3417 1838 3520 fine
1860 3422 1945 3518 ulfi.
1964 3427 2007 3506 Β

268 3531 374 3614 pagg.
396 3541 489 3611 otton.
510 3543 584 3598 aim
595 3524 722 3624 figunt.
739 3518 816 3618 soll.
834 3531 915 3615 235.
936 3517 1002 3616 fol.

432 3617 540 3695 Militi·
556 3639 591 3701 p·
608 3635 676 3698 334·
689 3620 775 3693 ,utut
792 3618 828 3685 P.
843 3621 917 3680 hor·
936 3617 1048 3680 Gestur-
1058 3630 1149 3695 pqr.

199 3762 203 3771 ·
369 3740 429 3820 25.
456 3737 618 3806 Nrcorrr
638 3758 680 3800 on
703 3758 900 3803 rvnrscrns
926 3734 1029 3803 Siculi
1047 3725 1167 3805 Glolle
1181 3728 1410 3806 clementino
1428 3752 1514 3809 cum
1531 3731 1745 3832 quibusdam
1770 3735 1845 3807 aliis
1868 3738 2010 3841 allege-

273 3827 428 3902 tionibos
450 3829 729 3906 occurrentibus.
749 3828 899 3904 Coloniae
910 3844 973 3925 per
991 3828 1183 3912 Jolasnon
1200 3826 1348 3925 lr'oelltos
1359 3831 1399 3904 de
1416 3833 1549 3907 Luheclt
1575 3847 1678 3920 1474.
1696 3831 1763 3930 fol.

433 3926 536 3991 lllatu.
550 3947 581 4011 p.
596 3942 668 4008 773.
683 3925 778 3991 Detur
797 3924 901 4010 Suppl.
917 3945 947 4008 p.
965 3938 1016 4001 39.
1307 3934 1310 3939 '

370 4043 430 4115 26.
449 4044 576 4114 'Drrrs
597 4064 757 4115 snrrvrrs.
782 4038 961 4116 Praecedit
979 4037 1118 4113 Tabula
1131 4036 1208 4136 soll.
1226 4060 1261 4128 7.
1291 4037 1329 4114 su
1344 4038 1429 4135 fine:
1456 4046 1608 4142 Explicit
1618 4041 1712 4116 'liber
1759 4045 1793 4116 ui
1812 4065 1933 4123 nuncu
1963 4073 2007 4126 a.

273 4148 331 4211 tur
345 4136 601 4236 dycta-salutis,
616 4144 661 4230 in
681 4164 753 4239 quo
769 4139 940 4214 habentur
957 4133 1130 4213 sermones
1143 4138 1365 4236 applicabiles
1377 4165 1442 4239 per
1458 4157 1573 4217 totum
1581 4166 1719 4215 annum
1734 4067 1779 4215 ie
1795 4071 2008 4226 criminihus

276 4250 311 4308 et
326 4240 422 4309 viciis
439 4239 617 4313 hominum
637 4263 704 4313 una
725 4262 804 4313 cum
822 4239 1073 4313 collationibus
1089 4243 1316 4338 pulcerrimis.
1345 4234 1555 4341 liumeffioue
1573 4239 1660 4334 suat
1687 4238 1736 4312 lii
1748 4238 1916 4336 semotus
1937 4247 2007 4321 Ce-

163 4386 168 4393 -
271 4332 357 4407 louis
382 4350 444 4432 per
468 4359 517 4410 me
541 4338 740 4431 magistrum
759 4337 911 4433 Jhauem
930 4331 1169 4431 Culoffatnuo
1182 4334 1325 4423 Domitii
1341 4352 1448 4427 1474.
1470 4340 1569 4415 Laus
1581 4336 1668 4429 Deo.
1683 4336 1793 4417 Chat.
1807 4340 1898 4431 gutli.
1914 4343 2005 4423 mitt.

272 4430 478 4532 cumfiguat.
497 4431 563 4531 sol.

433 4527 530 4593 Derris
548 4529 651 4613 hippi.
667 4550 700 4614 p·
715 4533 766 4610 36.
1233 4552 1236 4557 ·
1839 4573 1843 4578 .

369 4648 429 4719 27.
457 4635 669 4724 (Ijvuorrnr
692 4634 1095 4723 cunr-nusnsnspvlta
1113 4629 1250 4706 Christi.
1275 4631 1318 4707 ln
1339 4627 1432 4725 fiete:
1456 4635 1611 4733 Sigillum
1635 4631 1748 4707 tribus
1778 4635 1923 4713 conchis
1951 4645 2009 4719 in.

149 4784 154 4793 ,
273 4720 377 4819 figne.
407 4732 543 4823 Supra:
567 4732 648 4801 Sola
669 4723 744 4825 spes
763 4754 838 4803 mea
855 4735 888 4803 in
905 4745 939 4803 te
955 4733 1108 4829 Virginis
1124 4735 1247 4830 gratia.
1277 4728 1395 4824 Iusta:
1425 4732 1589 4805 Nicotaus
1608 4732 1699 4806 Gotz
1722 4733 1764 4805 de
1786 4736 2008 4829 u'sltletzsiat,

274 4820 418 4897 Gracias
436 4825 506 4900 deo
522 4830 617 4901 trinu
632 4827 800 4943 alrilhmo.
817 4830 931 4937 Quod
950 4833 1057 4905 vitam
1071 4831 1186 4906 coristi
1204 4821 1298 4904 ihesu
1318 4833 1389 4906 eius
1411 4829 1483 4904 filio
1505 4826 1557 4905 hic
1581 4828 1621 4906 iu
1633 4824 1758 4924 sanda
1780 4828 1915 4945 Cassia
1931 4848 2009 4916 ter·
2058 4850 2071 4888 e

1861 4948 1957 5008 millo
