4440 5722
0 382 1 389 ‘
145 417 150 426 ’
288 418 358 531 'am
467 419 472 426 ’
530 470 602 561 g,
753 352 1322 570 susstinens.
1416 554 1428 573 .
1533 416 1546 427 ‘

499 596 502 601 .
1561 566 1589 609 d

238 712 244 719 ,
375 637 433 707 21.
460 624 662 721 staturus,
689 630 750 732 qui
774 625 902 704 dicitur
933 651 1041 697 orara
1072 616 1225 700 rstvrrs'.
1248 624 1322 702 Ful.
1345 644 1377 702 1.
1399 621 1433 705 b.
1455 626 1660 743 Registrum.
1686 614 1757 708 Fol.
1777 646 1813 709 2.
1830 653 1866 733 q.
1891 638 2014 738 incipit

228 722 236 733 '
268 729 451 829 ¹prologus
471 727 507 799 in
524 725 703 803 tradatum
719 716 789 841 ‘qui
802 731 931 809 dicitur
950 727 1043 800 dieta
1058 718 1184 799 salutis.
1216 724 1318 801 Char.
1343 725 1433 817 goel.
1456 748 1538 803 mar.
1555 727 1629 829 fine
1647 727 1737 830 fign.
1761 724 1841 822 culs.
1856 731 1896 806 ss?
1909 752 2013 833 pagg.

167 915 174 925 .
277 837 372 901 amm.
392 825 499 903 litter.
525 822 602 899 init.
623 827 708 916 rign.
729 824 822 921 mcis.
850 826 911 900 lin.
931 842 988 917 37.
1006 821 1071 920 sol.
1088 830 1149 912 78.
1168 818 1234 917 fol.

244 964 248 972 ·
447 927 613 1012 Helmsclrr.
629 932 671 995 ll.
683 950 717 1015 p.
737 937 785 1012 38.
803 928 899 993 Derris
914 926 1018 1013 Suppl.
1037 947 1067 1010 p.
1083 942 1154 1002 55²·
1176 946 1206 988 n.
1222 937 1318 1008 4793.
1337 932 1371 987 ut
1383 925 1512 992 videtur.

379 1068 403 1120 ‘¹‘
427 1087 486 1147 22.
515 1074 690 1168 Incipiunt
712 1096 882 1139 rurum
900 1089 1148 1137 noumrcscrs
1167 1067 1283 1137 tocius
1301 1067 1395 1136 anni.
1420 1072 1450 1136 A
1474 1069 1582 1164 prima
1598 1068 1700 1140 dnica
1717 1066 1889 1154 adventus
1904 1096 2012 1173 usque

284 1156 339 1238 a'd.
360 1171 467 1239 XXV.
489 1169 699 1242 dominicam
719 1167 797 1267 post
813 1170 1001 1240 trinitatem
1021 1163 1186 1236 inclusrue
1203 1165 1386 1235 Dominica
1403 1167 1525 1257 prima.
1552 1176 1641 1240 llaec
1656 1162 1696 1238 in
1712 1163 1832 1268 fronte
1845 1169 1912 1268 fol.
1931 1190 1963 1251 1.
1978 1194 2011 1253 n,

283 1261 389 1342 clar.
407 1266 479 1343 eod.
492 1268 584 1355 goel.
601 1267 682 1340 mai.
693 1267 766 1365 fine
775 1266 865 1362 figo.
885 1261 967 1358 olli.
994 1261 1029 1336 ii
1047 1275 1153 1358 pagg.
1175 1277 1267 1333 num.
1284 1257 1363 1359 soll.
1387 1265 1422 1338 8.
1442 1258 1508 1357 ful.

451 1372 646 1455 Helmsclrrott
660 1373 701 1434 Is.
717 1391 749 1456 p.
770 1378 820 1451 38.

376 1501 478 1593 *23.
507 1510 661 1600 Josuurt
680 1529 812 1576 nrornr
836 1507 931 1577 aurei
949 1507 1134 1576 Sermones
1158 1501 1267 1570 totius
1290 1502 1371 1570 unni
1395 1499 1440 1572 de
1465 1513 1626 1595 tempore
1651 1516 1687 1573 ct
1715 1502 1760 1575 de
1786 1497 1905 1578 sanslis
1931 1529 2012 1584 cuna

14 1640 18 1647 ·
47 1610 51 1625 '
149 1654 151 1664 .
282 1597 577 1697 quadragesimali.
602 1600 671 1676 Ful.
700 1621 731 1676 1.
746 1626 781 1674 a.
799 1598 970 1696 praecedit
989 1594 1097 1670 index
1124 1591 1317 1668 sermonum
1339 1596 1618 1688 dominicalium,
1641 1599 1700 1698 qui
1718 1602 1788 1672 eod.
1805 1600 1869 1695 sol.
1887 1604 1920 1675 b.
1944 1623 2010 1680 ter-

148 1692 151 1699 ’
282 1696 462 1785 minatum
487 1702 572 1771 branc
590 1701 657 1771 eod.
672 1695 736 1793 sol.
757 1697 1040 1794 exspiraturus:
1067 1699 1242 1792 lncipiuut
1264 1699 1370 1767 Aurei
1396 1688 1570 1768 sermones
1594 1703 1700 1768 torius
1715 1702 1854 1772 annide
1870 1715 2010 1800 tempo·

157 1784 161 1793 ’
263 1813 324 1864 κ
348 1806 383 1865 et
401 1794 446 1867 de
462 1789 581 1869 fandis
604 1794 682 1869 cum
703 1793 984 1895 quadragefimali
1000 1795 1225 1893 pluribusque
1244 1795 1553 1892 extrauagantibus
1569 1789 1783 1869 sermonibus
1799 1791 1893 1871 sacre
1912 1805 2009 1909 pagi-

280 1912 330 1963 ne
353 1898 469 1965 eximii
491 1891 691 1990 professoris
708 1898 803 1987 Mgri
817 1893 987 1989 Jobannis
1004 1893 1114 1964 Nider
1131 1893 1273 1965 Ordinis
1288 1893 1561 1987 predicatorum.
1582 1891 1649 1963 Ful.
1668 1910 1751 1963 201.
1773 1892 1804 1968 b.
1820 1911 2010 1972 rermrnan-

282 2000 346 2061 tur
374 1994 559 2066 Sermones
589 1995 634 2066 de
660 2008 832 2090 tempore.
867 1989 1028 2086 sentitur
1052 1988 1191 2082 solbs.
1222 1988 1412 2087 tegillrum.
1450 1993 1516 2062 Hoc
1545 1988 1669 2084 excipit
1700 1991 2010 2091 Quadragesrmale

274 2076 355 2180 foss.
375 2103 434 2173 42.
456 2088 599 2187 Infine:
626 2094 781 2188 Explicit
794 2086 1097 2188 quadragefimale.
1116 2087 1246 2177 amm
1267 2085 1431 2160 claudunt
1454 2084 1531 2182 foll.
1556 2104 1633 2178 113.
1659 2094 1844 2164 Sermones
1866 2096 1911 2168 de
1935 2087 1954 2166 s
1995 2129 2009 2145 ·

200 2266 207 2285 s
284 2177 367 2271 siis,
391 2185 523 2285 absque
538 2183 696 2263 clausula.
717 2189 819 2265 Char.
837 2183 924 2279 gott.
945 2182 1026 2260 mai.
1042 2182 1116 2283 fine
1125 2180 1216 2282 figo.
1241 2181 1323 2276 cusi.
1343 2178 1379 2259 ss
1395 2198 1503 2282 pagg.
1523 2202 1614 2260 num.
1630 2182 1697 2280 sus.

451 2293 531 2360 Bibl.
547 2294 581 2357 P.
599 2294 676 2363 Nor.
1067 2356 1073 2364 ,
1475 2298 1479 2305 ’

379 2440 438 2511 24.
463 2432 498 2501 S.
518 2450 670 2497 rsonae
690 2449 734 2495 uu
755 2443 889 2517 sperno
909 2420 1040 2493 Carent
1057 2433 1196 2515 patrum
1215 2425 1250 2494 in
1271 2430 1424 2520 quatuor
1445 2425 1636 2518 euangelia.
1660 2418 1837 2498 Praecedit
1847 2425 1913 2522 fol.
1930 2444 2005 2505 La.

282 2506 410 2618 absque
421 2521 632 2619 inscriptione
645 2525 777 2594 autoris
796 2519 970 2592 dedicatio
985 2535 1131 2593 catenae
1150 2525 1183 2591 in
1200 2523 1418 2593 Matthaeum
1437 2520 1482 2591 ad
1497 2520 1673 2592 Vrbanum
1691 2523 1750 2591 Ν.
1772 2521 1868 2596 Hanc
1881 2526 2008 2622 excipit

273 2611 343 2713 fol.
361 2618 432 2692 eod.
451 2620 506 2693 tol.
524 2639 558 2699 2.
603 2619 759 2693 melano.
786 2618 854 2689 ast.
899 2670 907 2689 .
927 2623 964 2713 Α.
987 2616 1104 2707 incipit
1125 2621 1272 2714 primum
1290 2617 1516 2714 expositionis
1536 2620 1568 2689 in
1585 2623 1619 2688 S.
1639 2619 1855 2691 Matthaeum
1872 2628 2008 2723 capitu·

250 2789 257 2799 ,
281 2715 365 2786 lum.
389 2712 460 2788 Ful.
480 2729 557 2807 155.
575 2645 607 2790 s.
627 2717 744 2810 incipit
760 2739 856 2808 expo
870 2720 932 2785 trio
950 2719 983 2785 in
999 2718 1031 2785 S.
1051 2719 1222 2787 Marcum.
1247 2714 1317 2790 Ful.
1336 2731 1419 2800 204,
1444 2721 1555 2811 Super
1582 2720 1770 2814 Euangelio
1799 2712 1902 2792 santii
1926 2729 2006 2797 luce

269 2809 499 2887 'Continuum
519 2814 631 2889 Sansli
658 2816 797 2887 Thome
816 2815 973 2883 feliciter
992 2816 1128 2910 insipit.
1149 2812 1220 2885 Ful.
1249 2831 1330 2906 320.
1357 2811 1530 2910 expolitio
1552 2816 1729 2912 Evangelii
1752 2816 1925 2909 Johannis
1950 2823 2007 2894 in-

279 2908 399 2982 choat.
422 2909 464 2984 In
483 2907 553 3002 fine
569 2908 635 3006 fol.
649 2931 730 2999 417·
752 2912 792 2983 b:
820 2909 873 2982 sd
895 2913 1146 3007 omnipotentis
1165 2909 1222 2981 dei
1249 2911 1385 2984 laudern
1408 2925 1443 2982 et
1463 2914 1608 3009 gloriam
1631 2934 1696 2985 nec
1719 2936 1790 2985 non
1807 2912 2006 3012 professum

144 3044 149 3053 ·
182 3000 188 3011 ’
280 3021 318 3080 et
335 3013 514 3081 utilitatem
534 3003 774 3082 saluandorum
795 3009 949 3079 omnium
972 3011 1057 3079 liber
1081 3024 1202 3080 catena
1221 3031 1327 3082 aurea
1341 3012 1423 3080 alias
1448 3013 1652 3083 continuum
1676 3009 1746 3081 fiue
1764 3009 1870 3106 glossa
1886 3019 2006 3088 conti-

279 3129 350 3179 nua
366 3124 586 3205 nuncupatus
602 3123 637 3181 et
652 3111 844 3178 intitulatus
861 3128 924 3202 per
940 3100 1032 3178 sacre
1051 3106 1232 3204 theologie
1246 3104 1472 3204 professorem
1491 3112 1667 3206 egregium
1684 3102 1831 3182 sanlium
1846 3110 2005 3190 thomam

279 3204 326 3278 de
340 3210 480 3303 aquino.
504 3211 556 3279 Ex
574 3200 673 3277 sacris
696 3205 874 3293 katholico
894 3203 973 3274 fidei
1000 3200 1212 3278 Dosioribus
1237 3206 1441 3303 Augustino.
1469 3209 1674 3303 Jeronomo.
1701 3209 1891 3303 Gregorio.
1917 3219 2004 3295 Am·

279 3298 409 3377 brosro.
436 3304 540 3379 Beda.
565 3298 725 3374 Crisosio.
759 3307 917 3399 Hylario.
942 3301 1099 3376 Rabano.
1124 3300 1292 3375 lsrodoro.
1327 3307 1485 3399 Origine.
1513 3308 1686 3378 Maximo.
1707 3307 1840 3380 Cirillo.
1865 3309 2004 3393 Basilice

277 3390 439 3473 Eusebio.
461 3407 660 3500 llaymone.
679 3403 776 3472 Tito.
795 3400 1010 3496 Theophllo.
1032 3405 1235 3475 Seueriano.
1252 3395 1433 3474 Damasce.
1458 3403 1590 3481 Greco.
1612 3401 1766 3474 Didimo.
1787 3406 2001 3502 Epiphanio.

277 3497 478 3572 Athanasio.
504 3495 620 3570 Glosia
648 3499 831 3571 Ordinaria
857 3491 1120 3573 collationibus
1129 3513 1264 3596 patrum
1288 3514 1323 3571 ct
1341 3498 1452 3573 Gestis
1469 3503 1620 3571 concilii.
1645 3499 1799 3597 ephesini
1816 3499 1919 3601 super
1933 3508 2001 3581 do·

276 3592 420 3668 {irinum
442 3600 674 3694 evangelicam
696 3590 816 3668 diffuse
836 3590 1060 3669 scribentibus
1087 3603 1246 3669 inunum
1269 3598 1543 3670 conkatenatum
1565 3603 1649 3671 Non
1674 3613 1809 3671 tantum
1828 3606 2002 3683 literalem

277 3687 336 3767 sed
354 3709 389 3766 et
407 3699 626 3791 spiritualem
646 3695 799 3790 prestans
820 3692 1029 3766 intellesium
1050 3716 1192 3766 aureum
1216 3717 1262 3766 ex
1279 3719 1353 3792 quo
1375 3696 1503 3767 nc'dum
1519 3700 1622 3767 litera
1647 3697 1908 3794 exapostolica
1931 3705 2001 3779 do-

276 3789 387 3864 sirina
405 3816 474 3891 que
488 3796 619 3865 occidit
637 3792 705 3865 Sed
720 3787 853 3890 spiritus
871 3787 1012 3864 sumitur
1033 3792 1212 3865 uiuificans
1229 3796 1419 3888 spiritualis
1445 3787 1585 3867 scientie
1605 3798 1844 3891 cognitionem
1861 3800 2003 3877 Sitienti

160 3898 164 3907 '
276 3892 401 3963 Potum
420 3895 605 3989 porrigens
626 3892 732 3961 Cuius
754 3887 937 3961 misterium
957 3913 1029 3961 non
1052 3889 1163 3964 verbo
1179 3884 1299 3964 sonum
1318 3898 1421 3963 Sacre
1444 3891 1595 3964 docente
1619 3887 1875 3990 scripture-Sed
1901 3893 2003 3998 spiri.

278 4002 318 4061 tu
339 3994 515 4062 reuelatur
529 3985 654 4062 Saudo
668 3991 825 4060 Felicitcr
841 3987 915 4059 linit
930 4010 997 4087 pro
1019 3993 1116 4061 cuius
1135 3986 1227 4062 felici
1243 3981 1513 4062 consumatione
1536 3989 1574 4061 stt
1600 3994 1688 4064 Laus
1713 4011 1749 4064 et
1770 3996 1883 4091 gloria
1907 4023 2001 4097 xpo.

276 4094 402 4161 Amen.
427 4087 552 4161 Teucrus
571 4085 789 4173 Euangelus
806 4081 943 4176 maiusc.
968 4085 1122 4186 cxpofiriu
1137 4088 1217 4165 mitt.
1238 4087 1330 4162 char.
1343 4090 1434 4177 goti.
1450 4088 1518 4184 line
1546 4105 1616 4179 ιρι
1632 4084 1712 4182 culi.
1729 4086 1765 4164 ta
1773 4104 1881 4188 pagg.
1901 4112 2003 4174 num.
2034 4130 2039 4139 ·

275 4183 333 4259 cul.
351 4200 385 4262 2.
408 4182 468 4256 lin.
487 4195 548 4261 oo.
560 4179 736 4277 full.417.
753 4180 819 4274 sol.
837 4178 919 4259 arui.

442 4288 522 4353 Bibl.
539 4286 574 4358 P.
588 4285 664 4351 Nor.
681 4285 834 4350 Semiller
845 4285 872 4345 Ι.
892 4304 923 4367 p.
941 4287 1009 4349 116.
1029 4286 1137 4353 Βναπη
1153 4291 1179 4353 Ι.
1192 4308 1224 4372 p.
1233 4304 1285 4369 71.
1302 4285 1399 4353 Detu‘s
1408 4284 1513 4372 Suppl.
1525 4308 1557 4373 p.
1568 4290 1643 4374 677.
1657 4284 1757 4376 Zeps·
1773 4292 1794 4361 l.
1807 4314 1833 4360 c.
1847 4312 1884 4380 p.
1905 4299 1982 4373 168.

375 4440 432 4520 ας.
460 4428 587 4524 incipit
604 4421 767 4498 tradatur
783 4423 827 4497 de
847 4415 1089 4524 supersticiosis
1110 4428 1319 4527 quibusdam·
1329 4425 1460 4504 casibus
1478 4425 1685 4528 compilatus
1701 4433 1737 4506 in
1751 4437 1838 4507 alma
1851 4441 2002 4518 vniver-

273 4532 372 4605 smre
389 4528 487 4599 studii
507 4521 713 4598 colonienfis
737 4546 800 4621 pet
814 4525 1051 4615 ,venerabilem
1076 4553 1185 4626 mgrm
1213 4554 1405 4600 samareum
1428 4555 1471 4596 us
1487 4553 1671 4600 consessu
1697 4523 1791 4604 sacre
1810 4531 2000 4714 theologie

109 4687 116 4709 .
138 4676 141 4680 -
271 4624 500 4724 prosellorem
519 4625 697 4696 eximium.
721 4623 811 4693 Haec
830 4618 868 4695 t‘tt
881 4621 998 4717 fronte
1010 4622 1075 4722 fol.
1094 4645 1123 4696 r.
1140 4651 1174 4698 a.
1200 4625 1243 4699 In
1255 4622 1326 4718 sine
1341 4621 1405 4722 fol.
1417 4645 1452 4718 9.
1466 4620 1498 4696 b.
1521 4629 1674 4724 Explicit
1689 4627 1852 4707 trafflhaa
1869 4634 1918 4707 de
1954 4666 1997 4717 u·

271 4723 474 4818 perlliciofir
492 4718 696 4822 quibusdam
713 4715 854 4797 casabus
877 4717 950 4797 Ful.
973 4737 1029 4801 10.
1050 4744 1083 4800 a.
1101 4726 1230 4824 Incipit
1244 4719 1407 4801 eruatur
1425 4724 1473 4807 dt
1493 4725 1730 4806 celebratione
1751 4723 1932 4812 fessorum.
1950 4737 1997 4817 It

1872 4826 1958 4985 m.
