4418 5694
752 438 1309 551 Panamara.)

64 732 66 737 .
136 673 208 771 tis,
238 690 318 755 nec
341 668 383 749 in
406 638 728 767 additamentis,
737 666 946 802 editioni
928 672 1125 776 repetitae
1151 670 1340 771 adnexis,
1373 700 1425 759 eo
1451 681 1505 763 illl
1528 679 1719 770 devenire
1733 689 1870 795 hctut,
1980 646 2002 697 ⁸

41 845 43 850 ’
132 876 180 947 ut
202 810 302 942 nihil
324 800 651 984 desiderandum,
687 861 785 947 nihil
812 857 1041 945 addendum
1062 859 1248 966 restaret,
1277 868 1402 979 dignis
1429 887 1563 1005 tamen
1586 830 1768 962 laudibus
1793 884 1867 967 mi·

129 1052 237 1133 nime
269 1048 586 1143 defraudandum
610 1069 798 1156 putamus
820 1053 951 1135 virum
981 1052 1329 1179 diligentissimum,
1363 1057 1591 1190 praesertim
1621 1089 1713 1151 cum
1744 1072 1777 1151 is
1798 1071 1866 1155 ille

127 1238 289 1325 suerit
277 1269 318 1326 111
338 1245 504 1349 primis,
528 1244 612 1349 quis
627 1200 709 1322 aliis
739 1242 834 1322 viris
856 1237 1107 1359 ,dodillirmim
1148 1245 1369 1354 harumque
1391 1277 1525 1336 rerum
1544 1255 1862 1367 peritis,ansam

124 1396 380 1553 praebuerit,
404 1435 453 1520 ad
478 1431 790 1537 conquirendas,
820 1405 1127 1541 inuestigandas,
1149 1416 1517 1548 'describendasque
1543 1412 1690 1530 horum
1716 1427 1863 1534 monu-

11 1600 16 1609 “
124 1641 359 1711 mentorum
383 1604 590 1732 reliquias,
609 1639 667 1712 ,ut
690 1622 745 1706 src
767 1620 975 1730 augendo,
1003 1625 1360 1734 emendandoque,
1397 1629 1450 1713 de
1472 1657 1619 1739 opere,
1658 1639 1770 1743 quod
1784 1598 1861 1727 1111
1979 1714 1982 1719 .

125 1810 368 1914 instituerat,
398 1833 479 1900 tam
507 1815 654 1922 arduo,
692 1831 740 1894 ut
769 1829 860 1895 ante
885 1815 1017 1917 illum,
1034 1822 1037 1827 ’
1054 1819 1122 1923 qui
1152 1820 1259 1901 vires
1281 1818 1374 1913 suaa
1397 1824 1610 1927 periclitari
1634 1828 1674 1910 in
1707 1850 1758 1910 eo
1783 1852 1859 1914 vo·
1909 1818 1912 1823 ’
2048 1838 2053 1847 ’

124 2003 268 2108 luerit,
294 2008 471 2093 extiterit
494 2029 640 2108 nemo,
667 2005 871 2110 praeclare
885 2027 1145 2091 mererentur.
1201 2007 1424 2112 Indefells,
1453 2036 1532 2096 nec
1548 2013 1638 2097 satis
1656 2018 1860 2106 laudandis

123 2193 276 2283 horum
291 2201 469 2282 virorum
489 2190 647 2294 studiis,
675 2196 982 2300 praeparabatur
998 2197 1223 2299 melliailla,
1252 2224 1370 2306 quam
1392 2198 1668 2287 Celeberrimo
1683 2232 1858 2317 oeursro,
1993 2270 1997 2281 ·

122 2368 241 2511 vinc,
266 2384 313 2471 'ut
338 2388 390 2473 de
406 2386 751 2471 mansuetioribus
775 2384 918 2487 musis,
953 2388 1009 2468 ita
1042 2382 1094 2465 de
1125 2412 1169 2470 re
1201 2389 1369 2472 literaria
1392 2392 1665 2481 immortaliter
1690 2403 1858 2509 merito,

123 2558 347 2678 debemus,
377 2579 446 2685 qui
476 2576 515 2659 in
548 2577 841 2680 supplemento
864 2578 1076 2657 Annalium
1097 2577 1324 2683 Maittairii,
1364 2604 1449 2663 non
1474 2576 1677 2670 solum'ea
1703 2530 1858 2698 omnia,

127 2768 356 2891 quaeante
382 2767 492 2847 illum
517 2768 590 2848 viri
612 2769 668 2849 illi
693 2765 1022 2868 incomparabiles
1046 2765 1341 2875 congesserant,
1367 2773 1591 2857 incredibili
1612 2800 1706 2862 cura
1729 2806 1776 2864 ac
1799 2783 1862 2866 di·
1930 2760 1951 2793 ⁸

122 2960 289 3068 ligentia
317 2959 504 3064 collegit,
544 2955 755 3061 disposuit,
786 2955 1044 3065 emendauit,
1072 2956 1141 3039 sed
1167 2962 1282 3041 novis
1313 2964 1453 3060 etiam,
1489 2964 1615 3069 iisque
1647 2971 1859 3057 uberrimis
1918 3062 1921 3067 ,
2055 3034 2062 3063 -.
2113 2934 2129 3019 ,'

121 3150 431 3251 accesfionibus,
460 3149 578 3229 novis
601 3169 655 3228 ex
675 3143 880 3244 fontibus,
911 3149 979 3250 qui
998 3146 1102 3228 Viro
1120 3142 1180 3230 Cl.
1198 3149 1348 3255 ubique
1369 3153 1582 3258 patebant,
1611 3180 1716 3264 opus
1729 3159 1857 3246 Malt.
1881 3194 1885 3201 ·

121 3343 229 3425 tairii
247 3342 300 3423 ita
314 3342 443 3438 auxit,
472 3353 520 3419 ut
542 3360 672 3452 paene
695 3332 790 3418 nihil
816 3338 983 3440 amplius
1007 3336 1331 3469 desrderandum,
1368 3364 1555 3450 opusque
1581 3361 1662 3432 tam
1685 3351 1855 3473 immen-
1896 3406 1908 3419 ·

121 3519 236 3635 sum,
261 3532 454 3619 summum
475 3521 737 3640 persedionis
760 3526 923 3634 gradum
945 3528 1024 3612 iam
1049 3523 1212 3636 attigisse
1236 3527 1453 3613 videretur.

223 3949 265 4034 Si
288 3949 378 4055 quis
404 3943 520 4050 igitur
547 3934 645 4041 me,
667 3943 707 4022 in
730 3961 846 4023 novo
867 3940 949 4024 hoc
977 3942 1172 4025 annalium
1194 3939 1577 4053 typographicorum
1600 3964 1726 4050 opere
1753 3894 1853 4031 con'·

124 4137 284 4243 dendo,
314 4138 502 4245 operam
504 4149 547 4216 et
565 4135 701 4215 oleum
725 4128 936 4243 perdidisse
957 4149 1098 4236 putet,
1130 4131 1221 4217 sane
1244 4156 1328 4217 non
1352 4135 1492 4234 mirer,
1528 4156 1619 4215 curn
1646 4133 1773 4217 aditus
1804 4132 1855 4218 ad
1970 4104 1973 4113 ¹

121 4332 308 4417 notitiam
341 4292 665 4413 uenerandorum
694 4233 1643 4467 111111ἑ4111111111111111111,11111111111111111111
1681 4325 1855 4432 ampliffi.

123 4544 309 4627 musque.
368 4523 425 4603 At
440 4542 524 4602 non
543 4516 627 4598 sme
649 4516 758 4596 omni
776 4513 932 4595 ratione
959 4538 1027 4598 me
1049 4514 1150 4597 istud
1171 4509 1386 4621 adgressum
1410 4478 1559 4612 effe,
1547 4517 1573 4594 ri
1599 4515 1872 4637 irrdicabunt‚‘
1938 4508 1941 4513 ’

125 4709 392 4820 quos'dignos
408 4696 649 4813 aequusque
669 4706 809 4790 harum
824 4672 959 4785 rerum
977 4703 1260 4809 aesturn‘atores
1283 4724 1474 4786 veneror.
1533 4701 1630 4786 Vidi
1648 4696 1857 4808 nimirum,

638 4892 646 4904 ·
876 4854 1126 5003 >tus
1413 4842 1419 4855 '
1707 4912 1803 5077 ¹'et
