4418 5694
580 564 586 575 x
702 394 1245 555 unaarum,

103 648 280 801 generis
295 662 653 799 monimentorum
675 676 734 759 uti
754 659 928 782 pulleno
986 673 1164 760 Consilio
1180 671 1298 778 huic,
1331 683 1396 766 cui
1416 701 1459 769 et
1485 683 1620 775 meum
1642 692 1849 798 adsensum
1919 712 1921 717 “

18 978 41 1023 ,ς
114 917 270 1004 negare
291 893 454 977 minime
476 906 683 998 poteram,
725 887 900 973 libenter
925 887 1301 992 obtemperaturus,
1336 891 1418 981 vidi
1448 890 1598 987 novam
1625 912 1846 1020 praecipue
1911 906 1921 953 ’-
2002 874 2010 888 ’

113 1101 336 1215 eligendam
367 1095 600 1207 elieuiam,
636 1097 721 1182 eam
745 1096 955 1198 nimirum,
985 1059 1033 1178 ut
1069 1093 1211 1183 seriem
1239 1099 1429 1209 sequerer
1457 1101 1750 1213 alphabeticum
1778 1140 1846 1206 ur.
1876 1114 1925 1206 w2·
1977 1145 1980 1149 .
2033 1151 2037 1158 -

101 1317 224 1413 ,bium
247 1334 294 1395 ac
315 1312 524 1414 locorum,
552 1311 594 1394 in
620 1306 900 1395 enumerandis
924 1323 1058 1389 autem
1075 1306 1184 1390 libris
1206 1308 1354 1397 ibidem
1375 1312 1553 1421 excusas,
1591 1319 1734 1409 ordine
1754 1344 1845 1416 ute.
1900 1300 1905 1309 ’
1968 1386 2000 1401 .,
2100 1356 2123 1373 --

113 1547 179 1608 rer
195 1518 513 1632 chronologico,
540 1516 680 1627 sicque
697 1539 769 1600 eos
790 1536 953 1621 omnes,
983 1516 1052 1620 qui
1071 1514 1267 1641 baslenus
1287 1524 1431 1627 partim
1454 1524 1619 1614 uberius
1637 1529 1847 1645 descripti,
1975 1584 1986 1611 κ
2078 1522 2083 1531 ’

104 1724 258 1839 partim
288 1729 433 1816 leuiter
458 1741 614 1824 tantum
639 1724 851 1831 memorati
879 1719 1025 1827 essent,
1058 1728 1241 1835 exceptis
1267 1744 1404 1815 tamen
1424 1733 1492 1837 iis,
1523 1741 1593 1846 qui
1613 1742 1845 1850 germanico

111 1941 309 2027 idiomate·
327 1938 477 2063 exarati
502 1949 663 2035 extant,
699 1931 928 2041 quibusque
957 1932 1259 2039 enumerandis,
1296 1954 1393 2024 ante
1414 1942 1571 2049 aliquot
1591 1944 1679 2045 iarn
1693 1973 1843 2060 armos,

10 2210 14 2219 -
118 2141 294 2253 macies
308 2141 538 2234 literanum
552 2139 766 2235 teutonicae
780 2137 1082 2245 distinaveram,
1112 2144 1288 2226 curatius
1305 2116 1594 2254 describerem,
1621 2176 1848 2267 eorumque
1971 2152 1974 2157 ’

17 2444 20 2451 ,
114 2352 582 2469 copiam-arcellionibils
597 2345 694 2435 hinc
711 2348 805 2480 inde
817 2350 976 2482 petitis,
1004 2350 1046 2431 in
1063 2370 1191 2456 opere
1205 2348 1292 2456 ipso
1310 2347 1493 2480 asterisco
1507 2348 1660 2471 ubique
1673 2364 1847 2467 nontin,
1890 2372 1892 2377 ’

106 2590 331 2678 augerem,
358 2561 522 2666 fontes,
559 2581 611 2644 ex
637 2561 785 2667 quibus
811 2557 969 2662 plenior
990 2550 1137 2674 borum
1157 2580 1513 2666 monumentorum
1535 2566 1852 2680 cognitio'bau-
1969 2530 1975 2539 ἱ
2121 2588 2127 2595 ·

111 2775 255 2861 cienda
272 2770 396 2874 effer,
417 2769 658 2864 indicarem,
683 2765 847 2850 notitias
868 2762 1076 2862 literatius,
1104 2765 1178 2850 ubi
1193 2772 1399 2857 necesitas
1424 2773 1466 2859 id
1478 2764 1686 2887 exigeret,
1713 2776 1852 2867 testes·

122 3010 204 3094 que
222 2982 339 3068 samari
363 2977 445 3065 fide
471 2975 614 3085 dignos
635 2971 848 3073 adderem,
878 2993 1081 3095 caeterum
1106 2997 1155 3057 ea
1179 2981 1335 3079 omnia,
1373 3005 1479 3088 quae
1501 2986 1754 3094 apocrypha,
1783 3005 1857 3073 ant

116 3193 256 3281 saltem
272 3191 403 3274 minus
419 3201 529 3270 certa
545 3182 642 3266 mihi
655 3179 909 3281 viderentur,
936 3185 1144 3266 maximam
1158 3202 1338 3291 purtem,
1367 3188 1463 3274 olim
1480 3168 1852 3295 velconfirmanda,

119 3405 191 3488 vei
208 3401 369 3510 penitus
389 3389 623 3486 reicienda,
654 3387 908 3496 seponerem.
960 3386 1125 3502 Agmen
1145 3388 1328 3490 tandem,
1351 3387 1443 3500 post
1461 3399 1738 3501 recensionem
1759 3402 1853 3485 illo·
1907 3498 1913 3509 ¹

121 3634 213 3693 rum
230 3606 444 3706 librorum,
471 3597 540 3731 qui
557 3594 702 3706 partim
717 3593 801 3679 sine
816 3591 965 3689 indicio
979 3595 1061 3678 loci
1077 3611 1118 3678 et
1137 3600 1403 3708 typographi,
1432 3606 1673 3690 notamanni
1688 3581 1853 3715 impres.
1892 3656 1896 3661 .
2053 3684 2069 3735 ἱ,
2174 3631 2185 3639 -

120 3812 241 3900 saonis
264 3803 457 3897 aaronem
479 3794 652 3910 babent,
681 3784 825 3913 partim
850 3800 937 3895 sme
956 3803 1065 3886 omni
1088 3786 1379 3914 significatione
1404 3813 1581 3921 evulgati
1602 3809 1718 3913 sunt,
1742 3810 1850 3899 Indi,
1912 3898 1916 3907 ,
1995 3853 1999 3863 ·
2057 3834 2060 3841 ·

123 4042 191 4109 ces
208 4019 419 4118 claudent,
448 4014 677 4111 uberiores,
702 4028 783 4111 tam
799 4029 984 4094 aurorum
1001 4026 1201 4096 eteorum
1216 4014 1562 4119 lucubrationum,
1589 4041 1707 4128 quam
1724 4035 1850 4128 typo·

125 4186 392 4343 graphorum,
426 4220 567 4307 additis
593 4215 756 4304 sortasse
778 4216 1059 4338 speciminibus
1082 4219 1321 4326 quibusdam
1347 4239 1539 4334 typorum
1566 4187 1857 4314 celeberrimo·
1904 4282 1910 4288 -

124 4460 212 4522 mm
233 4405 355 4522 huius
375 4431 466 4518 artis
483 4395 698 4541 opificum,
726 4427 997 4529 aericuratius
1014 4426 1160 4514 incisas.
1218 4523 1229 4533 ,
