4418 5694
837 466 1240 581 summario,
1388 472 1393 485 ’
1543 450 1545 457 ‘

194 697 256 778 rio
288 648 531 799 cogitarent,
569 687 702 794 deque
734 688 876 769 merita
908 686 1194 775 existimatione
1226 645 1362 774 denuo
1392 689 1446 771 illi
1483 691 1750 792 concilianda,
1788 702 1924 797 omni,

50 886 66 901 '
194 838 273 994 qua
293 899 504 991 poterant,
535 904 649 979 cura,
679 861 835 962 solliciti
858 877 994 965 ellent.
1068 884 1162 989 Ope
1184 853 1331 966 horum
1352 864 1553 981 viromm,
1583 884 1804 990 laboreque
1821 888 1921 993 illo.
2036 958 2040 963 ,

191 1096 281 1162 rum
298 1070 512 1172 indefeflo,
541 1096 690 1157 novam
713 1075 764 1157 ab
792 1060 844 1157 eo
875 1090 1060 1177 tempore
1085 1072 1251 1158 induiffe
1272 1072 1416 1159 faciem
1435 1072 1604 1161 studium
1626 1069 1811 1162 historiae
1832 1056 1922 1162 lite·

7 1236 11 1243 ¹
56 1330 61 1339 .
191 1273 313 1357 rarlae
337 1265 559 1352 videbatur.
628 1262 696 1348 De
723 1265 938 1371 originibus
961 1288 1070 1346 nunc
1095 1266 1420 1374 typographicis,
1450 1266 1585 1372 deque
1603 1267 1788 1359 omnibus
1811 1271 1916 1366 aliis,

193 1438 296 1569 quae
326 1458 376 1540 ad
407 1475 532 1540 artem
553 1457 656 1539 hanc
681 1457 923 1560 praeclaram
946 1458 1223 1562 pertinebant,
1261 1460 1381 1554 rebus
1414 1455 1703 1570 disputabatur,
1745 1464 1918 1564 quaein·

440 1582 446 1593 ,
1586 1578 1590 1613 Ι
1837 1576 1840 1581 1

191 1647 448 1737 bibliothecis
473 1643 665 1732 hedenus
686 1647 863 1728 latebant
879 1644 998 1729 huius
1022 1651 1176 1755 generis
1202 1624 1378 1752 usrpant,
1393 1672 1477 1731 non
1496 1643 1577 1752 fine
1600 1647 1738 1750 plausu
1757 1649 1797 1729 in
1817 1673 1914 1734 con·

123 1942 126 1947 ¹
189 1837 370 1950 spectum
386 1830 507 1945 'quasi
533 1843 710 1922 omnium
730 1837 868 1920 denuo
891 1798 1534 1948 protrahebantur,·aequunrque
1556 1840 1629 1921 illis
1655 1842 1828 1944 pretium
1841 1837 1915 1943 sta-
1978 1878 1981 1883 ·
2047 1940 2051 1945 Ι

9 2048 13 2055 ·
147 2128 152 2139 ,
188 2032 400 2130 tuebatur,
436 2033 577 2113 merita
605 2027 766 2112 tandem
783 2006 1027 2137 regionum,
1064 2012 1245 2151 urbium,
1289 2033 1511 2131 ciuitatum,
1544 2031 1617 2150 ubi
1646 2031 1746 2115 haec
1776 2057 1836 2115 ars
1863 2033 1912 2115 ab

188 2224 301 2319 initio
318 2223 521 2321 alebatur,
550 2219 790 2318 fovebatur,
822 2239 869 2302 ut
886 2245 956 2325 par
975 2238 1080 2317 erat,
1109 2222 1462 2325 praedicabantur,
1488 2223 1733 2349 nominaque
1753 2243 1912 2305 maece-

47 2412 49 2417 ’
185 2434 345 2519 netum,
375 2413 599 2512 fautorum,
628 2429 911 2518 promotorum
927 2416 1018 2494 artis
1034 2413 1158 2518 dignis
1174 2413 1357 2498 laudibus
1375 2414 1684 2498 celebrabantur.
1734 2412 1913 2497 Vnicum

51 2578 55 2587 ¹
186 2600 320 2690 adhuc
350 2601 497 2686 restare
526 2599 759 2699 videbatur,
796 2604 987 2684 librorum
1010 2607 1192 2688 nimirum
1213 2607 1412 2702 omniurn,
1442 2622 1645 2711 quotquot
1664 2608 1713 2687 ab
1730 2581 1829 2687 'artis
1850 2610 1911 2689 in·

185 2811 333 2907 ventae
364 2794 517 2900 origine
549 2789 748 2874 adfinem
777 2786 912 2901 saltem
946 2793 1067 2877 seculi
1099 2795 1242 2877 decimi
1275 2798 1420 2903 quinti,
1456 2797 1600 2878 merito
1631 2800 1910 2904 typographici

82 3089 87 3097 .
183 2944 398 3107 nominati,
431 3007 454 3066 e
480 2981 648 3066 diversis
678 2983 842 3065 officinis
864 2982 1123 3091 prodierunt,
1161 2989 1333 3068 curatior
1361 2987 1628 3083 enumerati0,
1659 3004 1705 3067 ut
1735 3011 1787 3069 eo
1810 2974 1906 3067 fac'i-

184 3156 259 3261 lius
279 3194 366 3259 tum
390 3174 442 3260 de
464 3173 672 3258 incredibli
689 3171 775 3258 fere
801 3170 993 3280 opificum
1015 3176 1236 3284 diligentia,
1267 3136 1417 3303 tumde
1438 3171 1641 3301 doetrina,
1672 3158 1775 3284 quae¹
1790 3130 1925 3280 prat·⁸

182 3316 314 3451 sertim
339 3359 421 3449 hac
444 3380 572 3466 aetate
594 3364 779 3462 valebat,
807 3388 981 3472 aequum
1005 3360 1100 3447 ferri
1119 3363 1251 3485 poffet
1274 3360 1469 3445 iudicium.
1539 3362 1769 3450 Condidiffe
1795 3315 1905 3448 hunc
2021 3309 2043 3418 .-

181 3558 223 3641 in
244 3553 388 3654 finem,
426 3572 472 3638 ut
504 3553 700 3642 defiderio
714 3502 718 3509 ι
732 3555 973 3654 multorum,
1005 3559 1075 3661 qui
1099 3558 1140 3638 in
1170 3583 1214 3641 re
1248 3543 1572 3639 tallcuriofiores
1597 3509 1676 3640 effe
1698 3532 1903 3657 solebant,
1946 3648 1953 3662 ‚

144 3720 152 3729 ³
180 3709 444 3845 satisfaceret,
480 3748 610 3828 virum
643 3747 683 3827 in
711 3770 755 3828 re
777 3747 945 3829 literaria
973 3745 1304 3867 consultiffimum‚
1341 3713 1581 3829 urcunereu
1609 3771 1903 3849 unrrrnnuvu,
2016 3744 2019 3750 ’

130 3962 137 3971 ’
179 3896 260 4021 ianr¹
281 3961 386 4021 anno
406 3932 682 4019 MDCCXXI.
716 3936 876 4021 annales
901 3933 994 4017 suos
1020 3934 1352 4044 typographiros,
1381 3939 1602 4044 meritaque
1620 3938 1713 4023 inde
1732 3963 1903 4045 praeco·

121 4190 125 4199 .
161 4096 245 4239 'nia
272 4125 400 4212 tuliffe
426 4130 475 4210 ab
508 4096 694 4210 omnibus
722 4126 789 4224 iis,
828 4127 896 4231 qui
922 4124 973 4207 de
998 4127 1119 4209 rebus
1147 4112 1337 4210 eiusmodi
1359 4128 1534 4211 literariis
1559 4123 1669 4210 reste
1694 4098 1921 4249 potuerint*

178 4317 375 4422 iudicare,
405 4293 493 4401 satis
519 4318 717 4422 superque
743 4313 907 4398 constat.
965 4318 1171 4408 Atvirum
1193 4294 1274 4400 non
1298 4343 1419 4403 omne
1445 4306 1572 4402 uffle
1598 4316 1816 4424 pundtum,
1846 4344 1900 4404 eo

175 4453 447 4601 minus-nobis
470 4507 611 4615 mirum
632 4505 759 4587 videri
780 4506 925 4608 debet,
961 4531 1044 4612 quo
1067 4509 1208 4615 largior
1237 4506 1294 4591 est
1320 4533 1505 4617 campus,
1536 4517 1656 4619 quem
1685 4512 1758 4599 srbi
1786 4535 1896 4599 erue·

174 4697 354 4783 tiendum
376 4693 566 4778 sumebat.
633 4693 719 4798 Etsi
742 4700 859 4807 igitur
883 4722 961 4786 nec
988 4699 1031 4789 in
1053 4702 1275 4808 annalibus,
1302 4727 1407 4789 anno
1429 4697 1545 4809 supra
1566 4720 1791 4787 memorato
1813 4699 1900 4788 edi·

1766 4894 1842 5001 tis,
1953 4871 1959 4881 ’

1180 5056 1362 5180 ..-
