4440 5722
246 478 341 569 etl·
947 470 1275 556 coLolleE.
1396 462 1399 467 ’

238 664 486 766 'menarumptis
503 654 736 742 recolleiibili
760 668 837 744 finis
853 682 905 744 est
917 666 1077 750 feliciter.
1098 679 1175 747 laus
1192 677 1286 750 Deo.
1318 670 1419 751 (bar.
1442 672 1532 767 goisl.
1548 672 1629 753 mai.
1650 674 1718 773 fine
1731 676 1820 777 figit.
1838 674 1918 773 olli.
1934 673 1975 753 Β

240 779 348 860 pugg.
366 782 461 841 nuni.
486 766 545 841 liii.
565 771 622 861 3⁶·
643 764 706 862 ful.

411 870 651 1016 Edpppappsma
678 870 899 938 carrissimi.
928 894 960 958 p.
983 878 1053 956 176.
1077 873 1159 941 Bibl.
1186 875 1343 965 Heideggg
1366 874 1463 939 Deris
1481 875 1584 961 Supps.
1611 896 1644 959 p·
1669 892 1739 957 575.
1767 900 1796 946 ir.
1818 895 1913 964 5017.
1936 885 1980 945 tel-

339 1080 472 1177 *43o
501 1088 685 1156 ltooiniei
706 1103 827 1149 cincii
856 1074 1018 1173 Episcopi
1047 1082 1214 1151 Palentini
1245 1079 1289 1151 ad
1318 1080 1536 1171 cardinalem
1562 1084 1800 1156 Bessarionem
1824 1085 1974 1180 epistola
2082 1108 2087 1115 ·

246 1176 397 1276 lugubris
413 1185 512 1257 simul
533 1195 568 1253 et
591 1182 827 1253 consolatoria
850 1179 894 1249 de
913 1175 1040 1250 infelici
1061 1184 1322 1275 expugnatione
1350 1194 1385 1249 et
1407 1179 1583 1250 invasione
1606 1175 1732 1255 insulae
1752 1188 1974 1285 Negropon-

245 1279 288 1349 tis
302 1276 371 1354 &c
395 1282 496 1354 Char.
515 1279 604 1368 goel.
621 1276 702 1350 mai.
714 1276 785 1373 fine
794 1274 883 1372 figit.
902 1274 981 1366 rull.
1004 1274 1040 1347 il
1059 1292 1163 1372 pugg.
1186 1294 1278 1349 num.
1301 1273 1362 1350 liii.
1386 1293 1443 1370 37.
1459 1273 1535 1372 fiili.
1559 1294 1613 1352 10.
1633 1294 1668 1364 4.

208 1385 222 1410 ⁶
413 1385 588 1451 [uicesimi.
608 1388 632 1446 Ι.
650 1403 682 1465 p.
703 1386 771 1459 i86.
792 1382 868 1446 Bilis.
887 1382 1036 1462 Heidepg.
1057 1430 1065 1437 .

275 1598 278 1603 Ι
342 1526 426 1604 431.
453 1515 611 1583 Tironis,
632 1537 675 1579 un
695 1533 831 1606 aquino
852 1509 985 1580 libellus
1006 1507 1050 1578 de
1075 1507 1183 1578 modo
1203 1507 1410 1582 confitendi.
1435 1506 1505 1583 Fos.
1531 1527 1563 1585 1.
1591 1508 1623 1586 b.
1651 1508 1831 1585 Praecedit
1860 1512 1976 1592 index

216 1618 219 1623 '
247 1611 411 1700 capitum.
435 1607 504 1681 Fol.
523 1627 557 1684 2.
575 1632 609 1683 a.
633 1612 756 1703 lncipit
776 1610 913 1681 libellus
938 1611 1029 1703 llgri
1055 1605 1194 1675 Thome
1216 1606 1261 1677 de
1286 1613 1428 1705 Aquino
1458 1607 1503 1679 de
1527 1608 1635 1681 modo
1662 1612 1853 1683 confitendi
1871 1616 1975 1689 etde

188 1770 193 1780 .
247 1708 400 1799 puritate
424 1701 657 1781 Conscientie.
694 1711 732 1779 ln
754 1704 825 1795 line
847 1700 912 1800 ful.
935 1722 991 1796 31·
1014 1701 1043 1775 l.
1074 1705 1228 1796 Explicit
1250 1702 1381 1777 libellus
1405 1710 1499 1803 lllgri
1523 1708 1663 1781 Thome
1688 1710 1732 1780 de
1753 1712 1895 1797 Aquino
1923 1714 1976 1788 de

246 1804 357 1912 modo
382 1805 571 1903 confitendi
596 1821 631 1876 et
655 1805 699 1877 de
722 1807 870 1898 puritate
889 1795 1118 1875 conscientie.
1150 1800 1250 1875 (bar.
1278 1802 1368 1894 gutli.
1391 1801 1464 1899 fine
1475 1801 1566 1901 figit.
1592 1807 1671 1898 cetis--
1693 1806 1729 1879 Β
1743 1822 1849 1902 Pssgs'·
1872 1828 1973 1888 tium,

247 1902 308 1973 lm·
328 1918 387 1991 27·
411 1920 498 2075 (isses.
515 2007 548 2071 P.
563 2008 640 2074 Nor·
659 2011 855 2093 Boloirgaro·
872 2007 1022 2071 Creueiriiu
1039 2006 1065 2067 l.
1083 2023 1115 2089 p.
1132 2019 1204 2079 140.
1226 2000 1321 2068 lusce
1335 2007 1359 2067 1.
1375 2026 1407 2088 p.
1425 2024 1480 2087 50.
1500 2004 1597 2072 Derris
1612 2008 1718 2093 Suppl.
1737 2027 1770 2092 p.
1788 2008 1864 2094 679.

344 2151 427 2228 432.
453 2138 581 2227 Incipit
607 2129 734 2206 summa
750 2132 842 2227 edita
865 2157 885 2205 a
911 2127 1028 2205 sensio
1051 2151 1173 2198 rnoiii
1194 2153 1241 2197 or
1258 2133 1461 2225 noviando
1485 2139 1637 2208 articulis
1663 2135 1743 2209 fidei
1767 2154 1802 2212 et
1823 2112 1975 2220 ecclesie

248 2225 480 2306 sacramentis.
503 2230 644 2303 Haecin
665 2229 776 2321 fronte
794 2228 859 2325 sol.
882 2248 910 2302 1.
930 2254 963 2301 α.
992 2224 1135 2318 suisne:
1158 2228 1311 2322 Explicit
1336 2222 1462 2303 summa
1486 2237 1578 2305 edita
1597 2258 1616 2305 a
1643 2229 1758 2308 sanilo
1777 2239 1897 2313 thoma
1922 2246 1975 2318 de
2009 2252 2017 2259 '

107 2362 117 2375 .
248 2335 380 2428 aquino
403 2331 450 2403 de
472 2334 624 2401 articulis
641 2329 723 2401 'fidei
744 2341 779 2399 et
801 2328 942 2400 ecclesie
970 2321 1202 2397 sacramentis.
1230 2330 1332 2397 lteris:
1359 2331 1575 2403 Venerabilis
1601 2336 1773 2407 Dominus
1797 2340 1974 2416 Nicolaus

249 2428 295 2500 de
312 2426 399 2502 Cusa
416 2424 591 2500 Presbiter
612 2428 802 2499 Cardinalis
823 2427 1023 2514 Apostolice
1045 2418 1131 2495 sedis
1148 2428 1279 2518 legatus
1295 2446 1359 2516 per
1373 2433 1585 2500 Alamaniam
1604 2434 1638 2501 in
1652 2436 1881 2508 innovatione
1899 2438 1973 2513 sta-

245 2539 401 2599 tutorum
421 2529 688 2619 prouincialium
708 2524 857 2597 Ecclefie
878 2522 1093 2595 coloniensis
1111 2515 1237 2593 eisdem
1258 2520 1390 2595 statutis
1407 2522 1601 2598 interseruit
1619 2532 1803 2603 articulum
1826 2539 1889 2629 qui
1913 2529 1972 2610 se.

245 2629 381 2722 quitur:
410 2629 496 2694 ltem
513 2624 689 2695 laudamus
705 2627 821 2710 etlegi
838 2624 1038 2695 mandamus
1059 2623 1093 2691 in
1117 2619 1240 2691 finodo
1255 2617 1456 2716 dyocesanis
1478 2626 1626 2697 libellum
1651 2622 1752 2699 saneti
1774 2628 1894 2702 thome
1920 2637 1972 2710 de

247 2727 388 2820 aquino.
405 2723 454 2795 ·de
471 2724 624 2793 articulis
640 2720 723 2792 -sidei
739 2737 775 2791 et
794 2713 1013 2792 sacramentis
1034 2717 1186 2790 ecclesie.
1210 2718 1390 2814 'Quodque
1405 2726 1617 2816 precipiatur
1631 2730 1758 2801 cuiatis
1777 2740 1814 2798 ut
1830 2745 1973 2821 partem

248 2843 318 2917 que
343 2821 462 2892 elide
486 2822 713 2892 sacramentis
737 2818 957 2892 habeantet
981 2817 1141 2889 studeant
1161 2817 1355 2913 diligenter.
1381 2819 1482 2894 Char.
1505 2821 1592 2913 goii.
1615 2820 1688 2920 ficte
1710 2822 1799 2921 figet.
1825 2825 1903 2921 culi.
1930 2829 1975 2905 Β

242 2930 350 3013 pagg.
370 2935 465 2992 nuris.
486 2916 547 2991 sin.
569 2932 626 3003 27.
651 2913 728 3011 soll.
750 2926 806 3003 15.
833 2933 867 3001 4.

414 3025 449 3090 ise
462 3026 493 3089 la
510 3023 589 3090 Vuis.
605 3027 633 3085 l.
648 3045 681 3106 p.
701 3045 769 3103 191.
791 3025 888 3090 Derris
903 3021 1006 3106 suppl.
1025 3042 1057 3104 p.
1075 3024 1145 3103 678·
1165 3018 1258 3085 [aire
1266 3023 1299 3091 1.
1318 3040 1350 3106 p.
1365 3038 1415 3099 50.

340 3175 423 3255 433.
448 3156 574 3224 Pvaui
599 3178 761 3225 vincitis
793 3168 956 3222 irinouis
982 3168 1093 3245 poete
1116 3153 1243 3243 optimi
1274 3167 1447 3226 moretum
1483 3159 1622 3253 Incipit.
1661 3156 1753 3234 Haec
1780 3155 1824 3235 ill
1844 3156 1975 3262 from

239 3251 307 3357 fus.
326 3272 357 3330 t.
377 3280 409 3327 α.
436 3251 651 3324 semiiinatur
661 3248 726 3345 ful.
744 3270 777 3341 3.
795 3247 826 3321 b.
853 3251 912 3321 lin.
930 3255 964 3321 6.
985 3252 1040 3321 etii
1049 3246 1201 3341 siibiessa
1215 3248 1378 3343 leguntur

341 3352 451 3427 Publii
469 3352 620 3421 maronis
639 3352 762 3441 virgilii
780 3362 953 3420 moretum
967 3351 1113 3441 explicit

421 3447 555 3539 Epitap'
574 3450 642 3517 ium
658 3448 783 3543 virgilii

387 3554 534 3619 Mantua
554 3568 609 3616 me
626 3551 757 3641 genuit.
774 3542 906 3615 calabri
927 3564 1087 3639 rapuere.
1108 3554 1206 3614 tener
1219 3564 1317 3615 nunc

438 3657 632 3736 pertenope
653 3641 733 3731 (sic)
754 3646 864 3714 cecini
881 3636 1017 3736 pascua.
1037 3640 1254 3725 rura.·duces

245 3739 409 3840 Sequitur
428 3764 566 3814 carmen
583 3744 761 3837 rigmicum
777 3738 854 3831 (sic)
880 3766 910 3807 ii
924 3767 987 3808 isi
1007 3739 1247 3833 comprobans
1262 3741 1417 3833 virgines
1442 3749 1477 3809 et
1499 3759 1571 3828 non
1592 3743 1755 3816 mulieres
1779 3746 1824 3819 ad
1843 3755 1971 3825 matri.

133 3860 140 3867 ·
242 3842 397 3941 monium
414 3837 480 3913 esse
499 3840 686 3912 ducendas.
712 3842 755 3913 ln
775 3834 846 3930 fine
871 3835 935 3935 fus.
958 3841 992 3911 6.
1016 3834 1048 3911 l.
1075 3840 1225 3934 Explicit
1242 3858 1387 3911 carmen
1404 3839 1587 3910 ricmicum
1603 3843 1720 3914 Alani.
1737 3848 1972 3946 Epitaphium

242 3941 358 4011 Alani.
417 3956 422 3963 ·

303 4078 306 4083 ·
338 4041 489 4111 ilianum
511 4033 626 4109 breuis
649 4031 737 4104 hora
756 4036 892 4106 tumulo
918 4026 1075 4129 sepeliuit
1277 4078 1280 4083 -

237 4196 241 4203 .
389 4134 465 4230 Qui
486 4135 571 4208 duo.
601 4133 661 4229 qui
677 4124 711 4203 se
738 4143 820 4204 tem.
842 4134 902 4226 qui
919 4146 1034 4204 totum
1052 4124 1166 4202 scibile
1183 4118 1279 4201 scivit

244 4224 346 4306 (suar.
369 4238 456 4318 gotti.
467 4230 538 4326 fine
548 4230 636 4327 fign.
653 4156 735 4320 russi
758 4226 912 4323 &pepp
934 4248 1027 4302 num.
1053 4242 1089 4314 4.

410 4337 561 4403 Seoniller
577 4340 615 4400 ll.
636 4357 668 4421 p.
684 4340 756 4418 146·
776 4336 872 4401 Derris
887 4337 991 4422 Suppl.
1007 4358 1038 4421 p.
1053 4343 1125 4414 691.

334 4473 463 4565 *434
493 4477 677 4542 loomim
700 4470 758 4539 'or
791 4496 914 4542 vriao
951 4478 1136 4548 Sermones
1163 4470 1473 4572 quadragesimales
1505 4474 1550 4549 de
1579 4474 1740 4575 Legibus.
1779 4475 1967 4563 Praecedit

232 4566 298 4667 fiis.
320 4587 352 4645 1.
375 4568 405 4639 b.
435 4568 570 4641 Tabula
595 4562 802 4641 sermonum.
832 4567 901 4641 Fos.
927 4587 960 4643 2.
987 4596 1020 4642 a.
1045 4578 1229 4646 Sermones
1254 4571 1578 4671 Quadragefimales
1610 4578 1656 4649 dc
1686 4574 1819 4677 legibus
1843 4575 1966 4659 sratrie

238 4667 413 4737 Leonardi
433 4668 477 4739 de
502 4671 624 4738 Vtino.
654 4660 746 4738 sacre
766 4665 946 4765 theologie
967 4668 1125 4744 vdosioris
1145 4670 1276 4743 ordinis
1297 4671 1529 4765 pdicatorum.
1559 4674 1598 4745 ln
1615 4674 1683 4770 ftiie
1703 4673 1831 4769 iperii.-
1856 4680 1966 4775 Opus

241 4762 533 4863 quadragesimale
548 4764 592 4842 de
607 4768 739 4864 legibue
754 4767 960 4843 venerabilis
977 4768 1127 4873 magistri
1149 4770 1324 4847 Leonerdi
1342 4771 1387 4849 de
1411 4775 1521 4847 Vtino
1547 4764 1641 4849 sacre
1657 4778 1787 4875 pagine
1800 4768 1967 4869 psellorr.

1162 4918 1165 4925 -
1753 4874 1910 4948 celeber-
