4418 5694
639 492 642 498 -
787 386 1292 571 ananannro

189 678 327 785 primis
355 688 488 757 aetate
518 632 830 765 clarillrmorum,
868 663 1201 773 disceptationes,
1239 640 1621 773 diligentillimasque
1647 662 1789 744 ceteris
1821 661 1912 746 aeui

162 852 167 861 ’
191 879 548 956 monumentorum
570 840 932 969 perscrutationes,
959 880 1013 940 ne
1036 848 1163 959 hodie
1184 854 1371 965 quidem,
1394 858 1464 939 ‘ita
1496 853 1549 939 de'
1574 852 1699 964 prinis
1722 848 1912 938 invento·
2019 912 2024 921 .

66 1105 67 1108 κ
191 1058 326 1160 rinus,
362 1056 688 1163 inventionisque
719 1051 842 1162 ipsius
871 1070 970 1136 vera
999 1052 1158 1158 epocha
1186 1049 1361 1139 statuere
1394 1053 1517 1140 nobis
1544 1044 1675 1151 liceat,
1708 1071 1756 1135 ut
1784 1051 1913 1137 omnis

123 1304 127 1313 ·
192 1254 360 1340 ulterior
381 1251 611 1358 xdisquisitio
636 1271 740 1331 vana
761 1245 811 1330 su
837 1242 1095 1350 imposterum
1119 1265 1255 1353 atque
1273 1244 1482 1354 superflua
1591 1299 1595 1307 ,

289 1550 348 1635 At
375 1572 460 1632 non
488 1549 641 1645 omnic,
668 1567 805 1652 neque
833 1541 979 1625 horum
997 1546 1199 1642 virorum,
1232 1493 1380 1645 quibus
1403 1549 1497 1630 artis
1506 1544 1689 1687 intentio
1717 1538 1912 1687 nebetta,
1947 1635 1955 1647 ,

87 1698 97 1718 ο
193 1764 330 1850 neque
359 1739 519 1821 illorum
548 1737 742 1819 memoria
766 1733 937 1830 interiit,
967 1733 1039 1839 qui
1063 1750 1190 1819 artem
1212 1759 1356 1825 recens
1384 1739 1577 1877 inuentam
1602 1683 1794 1816 indefella
1820 1752 1916 1815 cura
1945 1738 1953 1751 '

49 1932 54 1943 ’
190 1908 489 2028 excoluerunt,
526 1926 726 2011 excultam
758 1921 808 2004 ad
840 1922 1031 2004 maiorem
1051 1921 1188 2061 ¹indies
1212 1870 1476 2034 perfeilionis
1506 1922 1660 2035 gradum
1694 1920 1947 2008 incredibili.

193 2120 284 2211 fere
307 2121 510 2231 diligentia
531 2132 777 2213 evexerunt,
818 2108 1083 2261 eveliamapue
1110 2139 1185 2221 per
1219 2136 1346 2202 totam
1375 2116 1574 2226 Europam
1599 2137 1822 2223 paucorum
1847 2094 1935 2194 an?

193 2528 271 2592 nea
291 2502 418 2586 totius
438 2497 596 2610 generis
619 2496 806 2592 humani,
841 2518 918 2600 per
942 2510 1009 2577 tot
1029 2494 1187 2580 saecula
1212 2495 1335 2580 nocte
1362 2500 1598 2609 ignorantiae
1623 2499 1813 2603 oppressi,
1852 2496 1917 2582 so·
1953 2446 1956 2450 Δ

193 2693 406 2817 spitatores
430 2688 664 2773 extiterunt.
718 2682 779 2773 Hi
806 2685 912 2770 enim
938 2685 1035 2785 viri,
1067 2710 1238 2796 quorum
1266 2712 1353 2773 non
1377 2690 1490 2796 pauci
1517 2691 1759 2795 optimarum
1790 2686 1917 2774 scien·

177 2885 341 2981 nactam
365 2830 672 2986 liberaliumque
688 2875 838 3012 arnum
868 2878 1103 2982 cognitione
1130 2902 1217 2965 non
1244 2880 1397 2991 vulgari
1421 2877 1560 2962 inbuti
1589 2902 1725 3001 erant,
1757 2883 1920 2967 sibimet

190 3072 315 3185 ipsis,
342 3069 440 3156 dum
469 3070 555 3156 aliia
579 3085 666 3154 arte
688 3067 759 3154 sua
779 3067 912 3155 divina
935 3033 1126 3157 inluvie
1150 3066 1386 3167 studebant,
1418 3090 1681 3158 monumenta
1701 3089 1919 3181 erexerunt

71 3348 77 3355 .
146 3384 149 3388 Ι
196 3288 292 3359 uere
314 3261 577 3398 petetmiora,
604 3277 670 3381 et,
699 3259 813 3370 quoa
834 3259 934 3373 ipsis¹
950 3261 1002 3393 ab
1024 3263 1108 3377 alin
1126 3282 1315 3374 negatum
1342 3232 1490 3360 fuerat,
1523 3258 1684 3347 libimet
1701 3262 1777 3370 ipsa
1797 3289 1913 3373 prae·

49 3557 56 3585 .
193 3451 400 3559 iliterunt,
421 3448 653 3556 famamque
672 3451 768 3553 silai,
796 3400 953 3568 atione
976 3471 1096 3561 quam
1117 3456 1310 3567 excolere
1332 3449 1563 3577 studebant,
1596 3474 1683 3537 non
1704 3450 1826 3538 facile
1852 3453 1919 3538 in·

45 3660 49 3666 “
192 3646 512 3763 tenuorituram,
539 3632 814 3729 conciliarinc
1893 3586 1901 3609 „

207 3938 429 4095 ,Ω-ιιιιιιι
452 3959 556 4023 vero
577 3935 641 4057 laic
666 3958 807 4023 novae
833 3939 928 4022 artis
955 3939 1116 4047 peritis,
1148 3940 1271 4052 genio
1295 3938 1438 4094 seculi,
1480 3958 1566 4049 qno
1598 3941 1914 4043 victumula-

192 4086 438 4273 iulgendum
460 4123 581 4228 effer,
606 4131 757 4213 nemim
744 4127 874 4214 sarae
894 4130 1038 4216 mirum
1063 4131 1284 4231 videbitur,
1310 4082 1577 4239 liprimo'rdia
1592 4133 1659 4215 illa
1676 4135 1794 4234 arus,
1820 4135 1916 4285 huic

187 4316 264 4428 ipsa
281 4323 403 4430 genio
423 4321 480 4405 ita
499 4318 718 4428 adaptata
703 4321 905 4421 inveniat,
934 4339 983 4405 ut
993 4323 1260 4431 politiorum
1245 4300 1520 4432 nigeniorum,¹
1541 4327 1777 4432 praeprimis
1799 4281 1918 4411 vete·

64 4585 70 4593 .
186 4532 302 4633 nan,
328 4510 467 4598 foetus
492 4492 570 4596 rari
593 4527 770 4612 tantum,
796 4512 838 4596 i'n
861 4509 973 4596 vasto
1003 4506 1112 4650 quast
1133 4515 1287 4625 gurgite
1304 4533 1484 4616 nantes,
1491 4537 1728 4661 appareant,
1756 4470 1916 4603 locum·

186 4712 269 4808 que
299 4703 406 4787 inter
432 4719 499 4787 tot
527 4702 682 4811 agmina
715 4703 981 4811 Sermonum,
1014 4703 1320 4819 Legendatum,
1365 4705 1608 4811 Millalium,
1648 4705 1916 4794 Lecticam
1944 4724 1953 4739 ·
2014 4761 2017 4766 -

19 4906 402 5370 ι
877 5051 1284 5197 ··
1863 5216 1868 5227 s
